@INPROCEEDINGS{Bredeweg06garp3-,
    author = {Bert Bredeweg and Anders Bouwer and Jelmer Jellema and Dirk Bertels and Floris Linnebank and Jochem Liem},
    title = {Garp3 - A new Workbench for Qualitative Reasoning and Modelling},
    booktitle = {20th International Workshop on Qualitative Reasoning (QR-06), C. Bailey-Kellogg and B. Kuipers (eds},
    year = {2006},
    pages = {21--28}
}